<?xml version="1.0" encoding="utf-8"?>
<record xmlns="http://www.loc.gov/MARC21/slim" xmlns:xsi="http://www.w3.org/2001/XMLSchema-instance" xsi:schemaLocation="http://www.loc.gov/MARC21/slim http://www.loc.gov/standards/marcxml/schema/MARC21slim.xsd">
	<leader>     nam a22     Mi 4500</leader>
	<controlfield tag="001">2982030</controlfield>
	<controlfield tag="003">NNC</controlfield>
	<controlfield tag="006">m        d        </controlfield>
	<controlfield tag="007">cr cn |||m|||a</controlfield>
	<controlfield tag="008">190404s1955    ir      o     000 0 arard</controlfield>
	<datafield ind1=" " ind2=" " tag="040">
		<subfield code="a">ZYU</subfield>
		<subfield code="b">ara</subfield>
		<subfield code="e">rda</subfield>
		<subfield code="c">ZYU</subfield>
	</datafield>
	<datafield ind1="1" ind2="4" tag="050">
		<subfield code="a">PK6529.A9</subfield>
		<subfield code="b">A6 1955 (Orien Pers)</subfield>
	</datafield>
	<datafield ind1=" " ind2="4" tag="050">
		<subfield code="a">PJ7755.R38</subfield>
		<subfield code="b">A6</subfield>
	</datafield>
	<datafield ind1="1" ind2=" " tag="100">
		<subfield code="6">880-01</subfield>
		<subfield code="a">Rāwandī, Faḍl Allāh ibn ʻAlī,</subfield>
		<subfield code="d">-approximately 1165.</subfield>
	</datafield>
	<datafield ind1="1" ind2="0" tag="245">
		<subfield code="6">880-02</subfield>
		<subfield code="a">Dīwān al-Sayyid al-Imām Ḍiyāʼ al-Dīn Abī al-Riḍā Faḍl Allāh al-Ḥasanī al-Rāwandī al-Qāsānī /</subfield>
		<subfield code="c">ʻuniya bi-taṣḥīḥihi wa-ṭabʻihi Jalāl al-Dīn al-Urmawī al-mushtahir bi-al-Muḥaddith.</subfield>
	</datafield>
	<datafield ind1=" " ind2=" " tag="260">
		<subfield code="6">880-03</subfield>
		<subfield code="a">[Tehrān] :</subfield>
		<subfield code="b">Maṭbaʻat al-Majlis,</subfield>
		<subfield code="c">1334 [1955]</subfield>
	</datafield>
	<datafield ind1=" " ind2=" " tag="300">
		<subfield code="a">online resource (311 pages)</subfield>
	</datafield>
	<datafield ind1=" " ind2=" " tag="336">
		<subfield code="a">text</subfield>
		<subfield code="2">rdacontent</subfield>
	</datafield>
	<datafield ind1=" " ind2=" " tag="337">
		<subfield code="a">computer</subfield>
		<subfield code="2">rdamedia</subfield>
	</datafield>
	<datafield ind1=" " ind2=" " tag="338">
		<subfield code="a">online resource</subfield>
		<subfield code="2">rdacarrier</subfield>
	</datafield>
	<datafield ind1=" " ind2=" " tag="500">
		<subfield code="a">In Arabic.</subfield>
	</datafield>
	<datafield ind1=" " ind2=" " tag="500">
		<subfield code="a">Part of the Arabic Collections Online (ACO) project, contributed by Columbia University Libraries.</subfield>
	</datafield>
	<datafield ind1=" " ind2=" " tag="533">
		<subfield code="a">Electronic reproduction.</subfield>
		<subfield code="b">New York, N.Y. :</subfield>
		<subfield code="c">New York University,</subfield>
		<subfield code="d">2019.</subfield>
		<subfield code="5">NNU</subfield>
	</datafield>
	<datafield ind1="1" ind2=" " tag="700">
		<subfield code="6">880-04</subfield>
		<subfield code="a">Muḥaddis̲, Jalāl al-Dīn Ḥusaynī. </subfield>
	</datafield>
	<datafield ind1="2" ind2=" " tag="710">
		<subfield code="a">Columbia University.</subfield>
		<subfield code="b">Libraries.</subfield>
	</datafield>
	<datafield ind1="0" ind2=" " tag="730">
		<subfield code="a">Arabic Collections Online.</subfield>
	</datafield>
	<datafield ind1="0" ind2="8" tag="776">
		<subfield code="i">Online version:</subfield>
		<subfield code="a">Rāwandī, Faḍl Allāh ibn ʻAlī, -approximately 1165.</subfield>
		<subfield code="t">Dīwān.</subfield>
		<subfield code="d">[Tehrān] 1334 [1955]</subfield>
		<subfield code="w">(OCoLC)570327280</subfield>
	</datafield>
	<datafield ind1="0" ind2="8" tag="776">
		<subfield code="i">Print version:</subfield>
		<subfield code="a">Rāwandī, Faḍl Allāh ibn ʻAlī, -approximately 1165.</subfield>
		<subfield code="t">Dīwān al-Sayyid al-Imām Ḍiyāʼ al-Dīn Abī al-Riḍā Faḍl Allāh al-Ḥasanī al-Rāwandī al-Qāsānī</subfield>
		<subfield code="w">(NNC)2982030</subfield>
		<subfield code="w">(OCoLC)16852110</subfield>
	</datafield>
	<datafield ind1="4" ind2="0" tag="856">
		<subfield code="u">http://hdl.handle.net/2333.1/0p2ngp5z</subfield>
	</datafield>
	<datafield ind1="1" ind2=" " tag="880">
		<subfield code="6">100-01</subfield>
		<subfield code="a">راوندي، فضل الله بن علي،</subfield>
		<subfield code="d">-approximately 1165.</subfield>
	</datafield>
	<datafield ind1="1" ind2="0" tag="880">
		<subfield code="6">245-02</subfield>
		<subfield code="a">ديوان السيد الإمام ضياء الدين أبي الرضا فضل الله الحسني الراوندي القاساني /</subfield>
		<subfield code="c">عني بتصحيحه وطبعه جلال الدين الأرموي المشتهر بالمحدث.</subfield>
	</datafield>
	<datafield ind1=" " ind2=" " tag="880">
		<subfield code="6">260-03</subfield>
		<subfield code="a">[تهران] :</subfield>
		<subfield code="b">مطبعة المجلس،</subfield>
		<subfield code="c">1334 [1955]</subfield>
	</datafield>
	<datafield ind1="1" ind2=" " tag="880">
		<subfield code="6">700-04</subfield>
		<subfield code="a">محدث، جلال الدين حسيني. </subfield>
	</datafield>
	<datafield ind1=" " ind2=" " tag="959">
		<subfield code="a">NNU</subfield>
		<subfield code="b">WEB</subfield>
		<subfield code="c">GENI</subfield>
		<subfield code="t">0</subfield>
		<subfield code="m">Electronic access</subfield>
		<subfield code="s">01</subfield>
	</datafield>
	<datafield ind1=" " ind2=" " tag="999">
		<subfield code="i">NNC_2982030</subfield>
		<subfield code="o">(OCoLC)ocm16852110</subfield>
		<subfield code="s">columbia_aco003691</subfield>
		<subfield code="e">(ERROR-880)</subfield>
		<subfield code="s">columbia_aco003691</subfield>
	</datafield>
</record>
